% Encoding: UTF-8

@Article{Andersen1982,
  Title                    = {Cox's regression model for counting processes: a large sample study},
  Author                   = {Andersen, PK and Gill, RD},
  Journal                  = {Annals of Statistics},
  Year                     = {1982},
  Number                   = {4},
  Pages                    = {1100--1120},
  Volume                   = {10},
}

@Book{McCullagh1989,
  Title                    = {Generalized linear models},
  Author                   = {McCullagh, P. and Nelder, J.A.},
  Publisher                = {Chapman \& Hall/CRC},
  Year                     = {1989},
  Edition                  = {2nd},
}

@Article{Breheny2017,
   Title                    = {Marginal false discovery rates for penalized regression models},
   Author                   = {Breheny, Patrick},
   Journal                  = {arXiv preprint arXiv:1607.05636},
   Year                     = {2017},
}

@Article{Simon2011,
  author  = {Noah Simon},
  title   = {Regularization Paths for {C}ox’s Proportional Hazards Model via Coordinate Descent},
  journal = {Journal of Statistical Software},
  year    = {2011},
  volume  = {39},
  number  = {5},
  pages   = {1-22},
}

@Article{Tibs_cox,
  author  = {Robert Tibshirani},
  title   = {The LASSO Method for Variable Selection in the {C}ox Model},
  journal = {Statistics in Medicine},
  year    = {1997},
  volume  = {16},
  pages   = {385-395},
}

@Article{Fan_scad,
  author  = {Jianqing Fan},
  title   = {Variable Selection for {C}ox's Proportional Hazards Model and Frailty Model},
  journal = {The Annals of Statistics},
  year    = {2002},
  volume  = {30},
  pages   = {74-99},
}

@Article{Cai_infp,
  author  = {Jianwen Cai},
  title   = {Variable Selection for Multivariate Failure Time Data},
  journal = {Biometrika},
  year    = {2005},
  volume  = {92},
  pages   = {303-316},
}

@Article{Zhang_adapt,
  author  = {Hao Helen Zhang},
  title   = {Adaptive LASSO for Cox's Proportional Hazards Model},
  journal = {Biometrika},
  year    = {2007},
  volume  = {94},
  pages   = {691-703},
}

@Article{Zou_Adaptive,
  author  = {Hui Zou},
  title   = {A Note on Path-Based Variable Selection in the Penalized Proportional Hazards Model},
  journal = {Biometrika},
  year    = {2008},
  volume  = {95},
  pages   = {241-247},
}

@Article{Huang_oracle,
  author  = {Jian Huang},
  title   = {Oracle Inequalities for the LASSO in the Cox Model},
  journal = {The Annals of Statistics},
  year    = {2013},
  volume  = {41},
  number  = {3},
  pages   = {1142-1165},
}

@Article{Bradic_Oracle,
  author  = {Jelena Bradic},
  title   = {Penalized Composite Quasi-Likelihood for Ultrahigh Dimensional Variable Selection},
  journal = {Journal of the Royal Statistical Society},
  year    = {2011},
  volume  = {73},
  number  = {3},
  pages   = {325-349},
}

@Article{lasso_kkt,
  author  = {Tibshirani, R.},
  title   = {The lasso problem and uniqueness},
  journal = {Electronic Journal of Statistics},
  year    = {2013},
  volume  = {7},
  pages   = {1456-1490},
}

@Article{Efron_locfdr,
  author  = {Bradley Efron},
  title   = {Local False Discovery Rates},
  journal = {Stanford University Techinical Report No. 2005-20B/234},
  year    = {2005},
}

@Book{Efron_book,
  title     = {Large-Scale Inference: Empirical Bayes Methods for Estimation, Testing, and Prediction},
  publisher = {Cambridge University Press},
  year      = {2012},
  author    = {Bradley Efron},
}

@Book{computer_age_inference,
  title     = {Computer Age Statistical Inference},
  publisher = {Cambridge University Press},
  year      = {2016},
  author    = {Bradley Efron and Trevor Hastie},
}

@Article{fdr_newdeal,
  author  = {Matthew Stephens},
  title   = {False Discovery Rates: A New Deal},
  journal = {Biostatistics},
  year    = {2017},
  volume  = {18},
  number  = {2},
  pages   = {275–294},
  month   = apr,
}

@Article{tibshirani_1996,
  author  = {Robert Tibshirani},
  title   = {Regression Shrinkage and Selection via the Lasso},
  journal = {Journal of the Royal Statistical Society},
  year    = {1996},
  volume  = {58},
  pages   = {267-288},
}

@Article{BH_1995,
  author  = {Yoav Benjamini and Yosef Hochberg},
  title   = {Controlling the False Discovery Rate: A Practical and Powerful Approach to Multiple Testing},
  journal = {Journal of the Royal Statistical Society},
  year    = {1995},
  volume  = {57},
  pages   = {289-300},
}

@Article{Selective_Inference,
  author  = {Ryan Tibshirani and Jonathan Taylor and Richard Lockhart and Robert Tibshirani},
  title   = {Exact Post-Selection Inference for Sequential Regression Procedures},
  journal = {Journal of the American Statistical Association},
  year    = {2016},
  volume  = {111},
  pages   = {600-620},
}

@Article{CovTest,
  author  = {Richard Lockhart and Jonathan Taylor and Ryan Tibshirani and Robert Tibshirani},
  title   = {A Significance Test for the Lasso},
  journal = {The Annals of Statistics},
  year    = {2014},
  volume  = {42},
  number  = {2},
  pages   = {413-468},
  month   = apr,
}

@Article{Elastic_Net,
  author  = {Hui Zou and Trevor Hastie},
  title   = {Regularization and Variable Selection via the Elastic Net},
  journal = {Statistical Methodology},
  year    = {2005},
}

@Article{MCP,
  author  = {Cun-Hui Zhang},
  title   = {Nearly Unbiased Variable Selection Under Minimax Concave Penalty},
  journal = {The Annals of Statistics},
  year    = {2010},
  volume  = {38},
  number  = {2},
  pages   = {894-942},
}

@Article{SCAD,
  author  = {Jianqing Fan and Runze Li},
  title   = {Variable Selection via Nonconcave Penalized Likelihood and its Oracle Properties},
  journal = {Journal of the American Statistical Association},
  year    = {2001},
  volume  = {96},
  pages   = {1348-1360},
}

@Article{Sample_Splitting,
  author  = {Larry Wasserman and Kathryn Roeder},
  title   = {High Dimensional Variable Selection},
  journal = {The Annals of Statistics},
  year    = {2009},
}

@Article{Cox1972,
  author  = {DR Cox},
  title   = {Regression Models and Life Tables},
  journal = {Journal of the Royal Statistical Society},
  year    = {1972},
  volume  = {34},
  pages   = {187-220},
}

@Article{GSell2016,
  author  = {Max Grazier G'Sell and Stefan Wager and Alexandra Chouldechova and Robert Tibshirani},
  title   = {Sequential Selection Procedures and False Discovery Rate Control},
  journal = {Journal of the Royal Statistical Society},
  year    = {2016},
}

@Article{Shedden2008,
  author  = {Kerby Shedden and Jeremy M.G. Taylor and Steve A. Enkemann and Ming S. Tsao and Timothy J. Yeatman and William L. Gerald and Steve Eschrich and Igor Jurisica and Seshan E. Venkatraman and Matthew Meyerson and Rork Kuick and Kevin K. Dobbin and Tracy Lively and James W. Jacobson and David G. Beer and Thomas J. Giordano and David E. Misek and Andrew C. Chang and Chang Qi Zhu and Dan Strumpf and Samir Hanash and Francis A. Shepherd and Kuyue Ding and Lesley Seymour and Katsuhiko Naoki and Nathan Pennell and Barbara Weir and Roel Verhaak and Christine Ladd-Acosta and Todd Golub and Mike Gruidl and Janos Szoke and Maureen Zakowski and Valerie Rusch and Mark Kris and Agnes Viale and Noriko Motoi and William Travis and Anupama Sharma},
  title   = {Gene Expression-Based Survival Prediction in Lung Adenocarcinoma: A Multi-Site, Blinded Validation Study},
  journal = {Nature Medicine},
  year    = {2008},
}

@Article{Spira2007,
  author  = {Avrum Spira and Jennifer E Beane and Vishal Shah and Katrina Steiling and Gang Liu and Frank Schembri and Sean Gilman and Yves-Martine Dumas and Paul Calner and Paola Sebastiani and Sriram Sridhar and John Beamis and Carla Lamb and Timothy Anderson and Norman Gerry and Joseph Keane and Marc E Lenburg and Jerome S Brody},
  title   = {Airway epithelial gene expression in the diagnostic evaluation of smokers with suspect lung cancer},
  journal = {Nature Medicine},
  year    = {2007},
}

@Article{Breheny2011,
  author  = {Patrick Breheny and Jian Huang},
  title   = {Coordinate Descent Algorithms for Nonconvex Penalized Regression with Applications to Biological Feature Selection},
  journal = {The Annals of Applied Statistics},
  year    = {2011},
}

@Article{Huang2016,
  author  = {Jian Huang and Patrick Breheny and Sangin Lee and Shuangge Ma and Cun-Hui Zhang},
  title   = {The MNet Method for Variable Selection},
  journal = {Statistica Sinica},
  year    = {2016},
  volume  = {26},
  pages   = {903-923},
}

@Article{Meinshausen2009,
  author  = {Nicolai Meinshausen and Lukas Meier and Peter Buhlmann},
  title   = {p-Values for High-Dimensional Regression},
  journal = {Journal of the American Statistical Association},
  year    = {2009},
}

@Article{Efron2002,
  author  = {Bradley Efron and Robert Tibshirani},
  title   = {Empirical Bayes Methods and False Discovery Rates for Microarrays},
  journal = {Genetic Epidemiology},
  year    = {2002},
  volume  = {23},
  number  = {1},
  pages   = {70-86},
  month   = jun,
}

@Misc{locfdr_package,
  author       = {Bradley Efron and Brit Turnbull and Balasubramanian Narasimhan},
  title        = {locfdr: Computes Local False Discovery Rates},
  howpublished = {https://CRAN.R-project.org/package=locfdr},
  year         = {2015},
  note         = {R package version 1.1-8},
}

@Article{Zou_lasso_df,
  author  = {Hui Zou and Trevor Hastie and Robert Tibshirani},
  title   = {On the "degrees of freedom" of the lasso},
  journal = {The Annals of Statistics},
  year    = {2007},
  volume  = {35},
  number  = {5},
  pages   = {2173-2192},
}

@Article{peduzzi_epv,
  author  = {Peter Peduzzi and John Concato and Alvan Feinstein and Theodore Holford},
  title   = {Importance of events per independent variable in proportional hazards regression analysis. II. accuracy and precision of regression estimates},
  journal = {Journal of Clinical Epidemiology},
  year    = {1995},
  volume  = {48},
  number  = {12},
  pages   = {1503-1510},
  month   = dec,
}

@Article{Friedman2010,
  author  = {Jerome Friedman, Trevor Hastie, Rob Tibshirani},
  title   = {Regularization Paths for Generalized Linear Models via Coordinate Descent},
  journal = {Journal of Statistical Software},
  year    = {2010},
  volume  = {33},
  number  = {1},
  month   = jan,
}

@Comment{jabref-meta: databaseType:bibtex;}
